@BOOK{GM98,
    AUTHOR = "Phillip B. Gibbons and Yossi Matias",
    TITLE = "New Sampling-Based Summary Statistics for Improving Approximate Query Answers",
    YEAR = 1998}

@BOOK{Vit85,
    AUTHOR = "Jeffrey Scott Vitter",
    TITLE = "Random sampling with a reservoir",
    YEAR = 1985}


